<record><leader>00000cas a22000007a 4500</leader><controlfield tag="001">16069198</controlfield><controlfield tag="008">870624d18771878msuwr ne      0    0eng d</controlfield><datafield ind1=" " ind2=" " tag="010"><subfield code="a">sn 87065708 </subfield></datafield><datafield ind1=" " ind2=" " tag="040"><subfield code="a">MPC</subfield><subfield code="b">eng</subfield><subfield code="c">MPC</subfield><subfield code="d">MSJ</subfield><subfield code="d">OCLCQ</subfield></datafield><datafield ind1=" " ind2=" " tag="042"><subfield code="a">msc</subfield></datafield><datafield ind1="0" ind2="0" tag="245"><subfield code="a">Yazoo herald-Democrat.</subfield></datafield><datafield ind1=" " ind2=" " tag="260"><subfield code="a">Yazoo City, Miss. :</subfield><subfield code="b">McCullum &amp; Campbell,</subfield><subfield code="c">1877-1878.</subfield></datafield><datafield ind1=" " ind2=" " tag="310"><subfield code="a">Weekly</subfield></datafield><datafield ind1="0" ind2=" " tag="362"><subfield code="a">Vol. 9, no. 41 (Mar. 2, 1877)-v. 10, no. 32 (Jan. 4, 1878).</subfield></datafield><datafield ind1=" " ind2=" " tag="752"><subfield code="a">United States</subfield><subfield code="b">Mississippi</subfield><subfield code="c">Yazoo</subfield><subfield code="d">Yazoo City.</subfield></datafield><datafield ind1="0" ind2="0" tag="780"><subfield code="t">Herald-Democrat (Yazoo City, Miss.)</subfield><subfield code="w">(OCoLC)16069182</subfield></datafield><datafield ind1="0" ind2="0" tag="785"><subfield code="t">Yazoo City herald (Yazoo City, Miss. : 1878)</subfield></datafield></record>